@MISC {157918,
    TITLE = {Normal, Non-Metrizable Spaces},
    AUTHOR = {Austin Mohr},
    HOWPUBLISHED = {Mathematics Stack Exchange},
    NOTE = {URL:https://math.stackexchange.com/q/157918 (version: 2014-07-13)},
    EPRINT = {https://math.stackexchange.com/q/157918},
    URL = {https://math.stackexchange.com/q/157918}
}
@MISC {clontzPiBase,
    TITLE = {52nd Spring Topology and Dynamics Conference},
    AUTHOR = {Steven Clontz},
    HOWPUBLISHED = {Personal website},
    NOTE = {URL:https://clontz.org/blog/2018/03/09/spring-topology/},
    URL = {https://clontz.org/blog/2018/03/09/spring-topology/}
}
@MISC {mohrPiBase,
    TITLE = {General Topology},
    AUTHOR = {Austin Mohr},
    HOWPUBLISHED = {Personal website},
    NOTE = {URL:http://austinmohr.com/home/?page\_id=1642},
    URL = {http://austinmohr.com/home/?page\_id=1642}
}
@MISC {scheepersPiBase,
    TITLE = {Research Resources},
    AUTHOR = {Marion Scheepers},
    HOWPUBLISHED = {Personal website},
    NOTE = {URL:https://math.boisestate.edu/~marion/research/Resources.html},
    URL = {https://math.boisestate.edu/~marion/research/Resources.html}
}
@misc{lamb_2018, 
  title={Uber, but for Topological Spaces},
  url={https://blogs.scientificamerican.com/roots-of-unity/uber-but-for-topological-spaces/}, 
  journal={Scientific American Blog Network}, 
  author={Lamb, Evelyn}, 
  year={2015}, 
  HOWPUBLISHED = {Scientific American Blog}, 
  NOTE = {URL:https://blogs.scientificamerican.com/roots-of-unity/uber-but-for-topological-spaces/}
}
@book {MR1382863,
    AUTHOR = {Steen, Lynn Arthur and Seebach, Jr., J. Arthur},
     TITLE = {Counterexamples in topology},
      NOTE = {Reprint of the second (1978) edition},
 PUBLISHER = {Dover Publications, Inc., Mineola, NY},
      YEAR = {1995},
     PAGES = {xii+244},
      ISBN = {0-486-68735-X},
   MRCLASS = {54-00 (00A20 54-01 54G20)},
  MRNUMBER = {1382863},
}

@book {MR1256489,
    AUTHOR = {Wise, Gary L. and Hall, Eric B.},
     TITLE = {Counterexamples in probability and real analysis},
 PUBLISHER = {The Clarendon Press, Oxford University Press, New York},
      YEAR = {1993},
     PAGES = {xii+211},
      ISBN = {0-19-507068-2},
   MRCLASS = {60-01 (26-01)},
  MRNUMBER = {1256489},
MRREVIEWER = {V. K. Rohatgi},
}

@book {MR1113487,
    AUTHOR = {Rassias, John M.},
     TITLE = {Counterexamples in differential equations and related topics},
 PUBLISHER = {World Scientific Publishing Co., Inc., Teaneck, NJ},
      YEAR = {1991},
     PAGES = {viii+184},
      ISBN = {981-02-0460-4},
   MRCLASS = {34-01 (35-01)},
  MRNUMBER = {1113487},
MRREVIEWER = {W. F. Ames},
       DOI = {10.1142/1258},
       URL = {http://dx.doi.org/10.1142/1258},
}

@book {MR930671,
    AUTHOR = {Stoyanov, Jordan M.},
     TITLE = {Counterexamples in probability},
    SERIES = {Wiley Series in Probability and Mathematical Statistics:
              Probability and Mathematical Statistics},
 PUBLISHER = {John Wiley \& Sons, Ltd., Chichester},
      YEAR = {1987},
     PAGES = {xxiv+313},
      ISBN = {0-471-91649-8},
   MRCLASS = {60-01 (60-02)},
  MRNUMBER = {930671},
MRREVIEWER = {V. K. Rohatgi},
}

@book {MR0491272,
    AUTHOR = {Capobianco, Michael and Molluzzo, John C.},
     TITLE = {Examples and counterexamples in graph theory},
      NOTE = {Foreword by Gary Chartrand},
 PUBLISHER = {North-Holland, New York-Amsterdam-Oxford},
      YEAR = {1978},
     PAGES = {xii+259},
      ISBN = {0-444-00255-3},
   MRCLASS = {05CXX},
  MRNUMBER = {0491272},
MRREVIEWER = {Ruth Bari},
}
